%Place the BibTex here
@book{aho1977principles,
  title={Principles of compiler design},
  author={Aho, Alfred V and Ullman, Jeffrey D and others},
  year={1977},
  publisher={Addision-Wesley Pub. Co.}
}

@article{mernik2003educational,
  title={An educational tool for teaching compiler construction},
  author={Mernik, Marjan and others},
  journal={Education, IEEE Transactions on},
  volume={46},
  number={1},
  pages={61--68},
  year={2003},
  publisher={IEEE}
}
